@article{tantau07,
  author    = {Till Tantau},
  title     = {{Logspace Optimization Problems and Their Approximability
               Properties}},
  journal   = {Theory of Computing Systems},
  volume    = {41},
  number    = {2},
  year      = {2007},
  pages     = {327--350},
  doi       = {10.1007/s00224-007-2011-1},
  url       = {http://dx.doi.org/10.1007/s00224-007-2011-1},
}

@article{wolf94,
  title = {Nondeterministic circuits, space complexity and quasigroups},
  author = {Marty J. Wolf},
  journal = {Theoretical Computer Science},
  volume = {125},
  year = {1994},
  pages = {295--313}
}

@incollection{sx95,
  author = {Serna, Maria and Xhafa, Fatos},
  affiliation = {Universitat Politècnica de Catalunya Departament de Llenguatges i Sistemes Pan Gargallo 5 08028 Barcelona Pan Gargallo 5 08028 Barcelona},
  title = {{On Parallel versus Sequential Approximation}},
  booktitle = {Algorithms — ESA '95},
  series = {Lecture Notes in Computer Science},
  editor = {Spirakis, Paul},
  publisher = {Springer Berlin / Heidelberg},
  isbn = {978-3-540-60313-9},
  keyword = {Computer Science},
  pages = {409--419},
  volume = {979},
  url = {http://dx.doi.org/10.1007/3-540-60313-1_159},
  doi = {10.1007/3-540-60313-1_159},
  year = {1995}
}

@incollection{ckst95,
  author = {Crescenzi, P. and Kann, V. and Silvestri, R. and Trevisan, L.},
  affiliation = {Universit\`{a} degli Studi di Roma {``La Sapienza''} Dipartimento di Scienze dell'Informazione Via Salaria 113 00198 Rome Italy Via Salaria 113 00198 Rome Italy},
  title = {{Structure in Approximation Classes}},
  booktitle = {Computing and Combinatorics},
  series = {Lecture Notes in Computer Science},
  editor = {Du, Ding-Zhu and Li, Ming},
  publisher = {Springer Berlin / Heidelberg},
  isbn = {978-3-540-60216-3},
  keyword = {Computer Science},
  pages = {539--548},
  volume = {959},
  url = {http://dx.doi.org/10.1007/BFb0030875},
  doi = {10.1007/BFb0030875},
  year = {1995}
}

@book{dsst97,
  author = {D{\'i}az, J. and Serna, M. and Spirakis, P. and Tor{\'a}n, J.},
  isbn = {9780521117920},
  lccn = {96051778},
  title = {Paradigms for fast parallel approximability},
  series = {Cambridge International Series on Parallel Computation},
  url = {http://books.google.com/books?id=tC9gCQ2lmVcC},
  publisher = {Cambridge University Press},
  year = {1997}
}
